@article{vsd_11_Acar,
	author = "Acar Esra and Stephan Spiegel and Sahin Albayrak",
	title = "MediaEval 2011 Affect Task: Violent Scene Detection Combining Audio and Visual Features with SVM",
	journal = "MediaEval Multimedia Benchmark Workshop",
	year = {2011}	}

@article{2,
	author = "Chen Liang-Hua and Hsi-Wen Hsu and Li-Yun Wang and and Chih-Wen Su",
	title = "Violence Detection in Movies",
	journal = {Computer Graphics, Imaging and Visualization (CGIV)},
	pages = {119-124},
	year = {2011}	}	

@article{3,
	author = "Clarin C. and J. Dionisio and M. Echavez and P. C. Naval.",
	title = "DOVE: Detection of Movie Violence Using Motion Intensity Analysis on Skin and Blood",
	journal = {Workshops and Demonstrations - ECCV},
	pages = {150-156},	
	year = {2005}	}	

@article{4,
	author = "Demarty Claire-Helene and Cedric Penet and Guillaume Gravier and Mohammad Soleymani",
	title = "A Benchmarking Campaign for the Multimodal Detection of Violent Scenes in Movies",
	journal = {Workshops and Demonstrations - ECCV},
	pages = {416-425},	
	year = {2012}	}	

@article{5,
	author = "Demarty Claire-Helene and Cedric Penet and Guillaume Gravier and Mohammad Soleymani",
	title = "The MediaEval 2012 Affect Task: Violent Scenes Detection",
	journal = {Working Notes Proceedings of the MediaEval 2012 Workshop},
	year = {2012}	}	

@article{6,
	author = "Farhadi Ali and Ian Endres and Derek Hoiem and David Forsyth",
	title = "Describing Objects by Their Attributes",
	journal = {IEEE Conference on Computer Vision and Pattern Recognition (CVPR)},
	pages = {1778-1785},	
	year = {2009}	}	

@article{7,
	author = "Giannakopoulos Theodoros and Dimitrios Kosmopoulos and Andreas Aristidou and Sergios Theodoridis",
	title = "Violence Content Classification Using Audio Features",
	journal = {Advances in Artificial Intelligence},
	pages = {502-507},	
	year = {2006}	}	

@article{8,
	author = "Giannakopoulos Theodoros and Alexandros Makris and Dimitrios Kosmopoulos and Stavros Perantonis and Sergios Theodoridis",
	title = "Audio-visual Fusion for Detecting Violent Scenes in Videos",
	journal = {Artificial Intelligence: Theories, Models and Applications},
	pages = {91-100},	
	year = {2010}	}	

@article{9,
	author = "Giannakopoulos Theodoros and Aggelos Pikrakis and Sergios Theodoridis",
	title = "A Multimodal Approach to Violence Detection in Video Sharing Sites",
	journal = {International Conference on Pattern Recognition (ICPR)},
	pages = {3244-3247},	
	year = {2010}	}	
@article{10,
	author = "Gninkoun Gabin and Mohammad Soleymani",
	title = "Automatic Violence Scenes Detection: A Multi-modal Approach",
	journal = {MediaEval Multimedia Benchmark Workshop},
	year = {2011}	}	
@article{11,
	author = "Gong Yu and Weiqiang Wang and Shuqiang Jiang and Qingming Huang and Wen Gao",
	title = "Detecting Violent Scenes in Movies by Auditory and Visual Cues",
	journal = {Advances in Multimedia Information Processing-PCM},
	pages = {317-326},	
	year = {2008}	}	
@article{12,
	author = "Habibian Amirhossein and Koen EA van de Sande and Cees GM Snoek",
	title = "Recommendations for Video Event Recognition Using Concept Vocabularies",
	journal = {ACM Conference on International Conference on Multimedia Retrieval},
	year = {2013}	}	
@article{13,
	author = "Ionescu Bogdan and Jan Schluter and Ionut Mironica and Markus Schedl",
	title = "A Naive Mid-level Concept-based Fusion Approach to Violence Detection in Hollywood Movies",
	journal = {ACM Conference on International Conference on Multimedia Retrieval},
	pages = {215-222},	
	year = {2013}	}	
@article{14,
	author = "Lam Vu and Duy-Dinh Le and Sang-Phan Le and Shin’ichi Satoh and Duc Anh Duong",
	title = "NII, Japan at MediaEval 2012 Violent Scenes Detection Affect Task",
	journal = {MediaEval Multimedia Benchmark Workshop},
	year = {2012}	}		
@article{15,
	author = "Li Li-Jia and Hao Su and Li Fei-Fei and Eric P. Xing",
	title = "Object Bank: A High-level Image Representation for Scene Classification \& Semantic Feature Sparsification",
	journal = {Advances in Neural Information Processing Systems},
	pages = {1378-1386},	
	year = {2010}	}	
@article{16,
	author = "Li Li-Jia and Hao Su and Yongwhan Lim and Li Fei-Fei",
	title = "Objects as Attributes for Scene Classification",
	journal = {Trends and Topics in Computer Vision},
	pages = {57-69},	
	year = {2012}	}	
@article{17,
	author = "Lin Jian and Weiqiang Wang",
	title = "Weakly-supervised Violence Detection in Movies with Audio and Video Based Co-training",
	journal = {Advances in Multimedia Information Processing-PCM},
	pages = {930-935},	
	year = {2009}	}	
@article{18,
	author = "Liu Jingen and Benjamin Kuipers and Silvio Savarese",
	title = "Recognizing Human Actions by Attributes",
	journal = {IEEE Conference on Computer Vision and Pattern Recognition (CVPR)},
	pages = {3337-3344},	
	year = {2011}	}	
@article{19,
	author = "Nam Jeho and Masoud Alghoniemy and Ahmed H. Tewfik",
	title = "Audio-visual Content-based Violent Scene Characterization",
	journal = {International Conference On Image Processing (ICIP)},
	pages = {353-357},	
	year = {1998}	}		
@article{20,
	author = "Nievas Enrique Bermejo and Oscar Deniz Suarez and Gloria Bueno Garcia and Rahul Sukthankar",
	title = "Violence Detection in Video Using Computer Vision Techniques",
	journal = {Computer Analysis of Images and Patterns},
	pages = {332-339},	
	year = {2011}	}	
@article{21,
	author = "Penet Cédric and Claire-Hélène Demarty and Guillaume Gravier and Patrick Gros",
	title = "Technicolor and Inria/irisa at Mediaeval 2011: Learning Temporal Modality Integration with Bayesian Networks",
	journal = {MediaEval Multimedia Benchmark Workshop},
	year = {2011}	}		
@article{22,
	author = "Penet Cédric and Claire-Hélène Demarty and Guillaume Gravier and Patrick Gros",
	title = "Multimodal Information Fusion and Temporal Integration for Violence Detection in Movies",
	journal = {IEEE International Conference On Acoustics, Speech and Signal Processing (ICASSP)},
	pages = {2393-2396},	
	year = {2012}	}		
	
@inproceedings{23,
	title={Action bank: A high-level representation of activity in video},
	author={Sadanand, Sreemanananth and Corso, Jason J},
	booktitle={Computer Vision and Pattern Recognition (CVPR), 2012 IEEE Conference on},
	pages={1234--1241},
	year={2012},
	organization={IEEE}
}	
@article{24,
	author = "Su Yu and Frédéric Jurie",
	title = "Improving Image Classification Using Semantic Attributes",
	journal = {International Journal of Computer Vision},
	pages = {59-77},	
	year = {2012}	}		
@article{25,
	author = "Yao Bangpeng and Xiaoye Jiang and Aditya Khosla and Andy Lai Lin and Leonidas Guibas and Li Fei-Fei",
	title = "Human Action Recognition by Learning Bases of Action Attributes and Parts",
	journal = {IEEE International Conference on Computer Vision (ICCV)},
	pages = {1331-1338},	
	year = {2011}	}		

@online{url_tv,
	ALTauthor =  {University of Pittsburgh Ofce of Child Development},
	title = {TV and Movie Violence},
	url = {http://www.ocd.pitt.edu/Files/PDF/Parenting/TvAndMovieViolence.pdf},
	OPTorganization =  {University of Pittsburgh},
}

@article{LibSVM,
	author = {Chang, Chih-Chung and Lin, Chih-Jen},
	title = {{LIBSVM}: A library for support vector machines},
	journal = {ACM Transactions on Intelligent Systems and Technology},
	volume = {2},
	issue = {3},
	year = {2011},
	pages = {27:1--27:27},
	note =	 {Software available at \url{http://www.csie.ntu.edu.tw/~cjlin/libsvm}}
}
@inproceedings{wang_dense,
	AUTHOR = {Heng Wang and Alexander Kl{\"a}ser and Cordelia Schmid and Cheng-Lin Liu},
	TITLE = {{Action Recognition by Dense Trajectories}},
	BOOKTITLE = {IEEE Conference on Computer Vision \& Pattern Recognition},
	YEAR = {2011},
	MONTH = Jun,
	PAGES = {3169-3176},
	ADDRESS = {Colorado Springs, United States},
	URL = {http://hal.inria.fr/inria-00583818/en}
}
@inproceedings{nam1998audio,
	title={Audio-visual content-based violent scene characterization},
	author={Nam, Jeho and Alghoniemy, Masoud and Tewfik, Ahmed H},
	booktitle={Image Processing, 1998. ICIP 98. Proceedings. 1998 International Conference on},
	volume={1},
	pages={353--357},
	year={1998},
	organization={IEEE}
}
@inproceedings{tan2013vireo,
	title={The Vireo Team at MediaEval 2013: Violent Scenes Detection by Mid-level Concepts Learnt from Youtube.},
	author={Tan, Chun Chet and Ngo, Chong-Wah},
	booktitle={MediaEval},
	year={2013}
}
@article{liu2004conceptnet,
	title={ConceptNet—a practical commonsense reasoning tool-kit},
	author={Liu, Hugo and Singh, Push},
	journal={BT technology journal},
	volume={22},
	number={4},
	pages={211--226},
	year={2004},
	publisher={Springer}
}
@inproceedings{demarty2014benchmarking,
	title={Benchmarking Violent Scenes Detection in movies},
	author={Demarty, Claire-Helene and Ionescu, Bogdan and Jiang, Yu-Gang and Quang, Vu Lam and Schedl, Markus and Penet, Cedric},
	booktitle={Content-Based Multimedia Indexing (CBMI), 2014 12th International Workshop on},
	pages={1--6},
	year={2014},
	organization={IEEE}
}
@inproceedings{dai2013fudan,
	title={Fudan at MediaEval 2013: Violent Scenes Detection Using Motion Features and Part-Level Attributes.},
	author={Dai, Qi and Tu, Jian and Shi, Ziqiang and Jiang, Yu-Gang and Xue, Xiangyang},
	booktitle={MediaEval},
	year={2013}
}
@inproceedings{sjoberg2013far,
	title={FAR at MediaEval 2013 Violent Scenes Detection: Concept-based Violent Scenes Detection in Movies.},
	author={Sj{\"o}berg, Mats and Schl{\"u}ter, Jan and Ionescu, Bogdan and Schedl, Markus},
	booktitle={MediaEval},
	year={2013}
}
@article{penet2013technicolor,
	title={Technicolor/INRIA team at the MediaEval 2013 Violent Scenes Detection Task},
	author={Penet, C{\'e}dric and Demarty, Claire-H{\'e}l{\`e}ne and Gravier, Guillaume and Gros, Patrick and others},
	journal={MediaEval 2013 Working Notes},
	year={2013}
}
@inproceedings{derbas2013lig,
	title={LIG at MediaEval 2013 Affect Task: Use of a Generic Method and Joint Audio-Visual Words.},
	author={Derbas, Nadia and Safadi, Bahjat and Qu{\'e}not, Georges and others},
	booktitle={MediaEval},
	year={2013},
	organization={Citeseer}
}
@INPROCEEDINGS{Demarty_themediaeval,
	author = {Claire-hélène Demarty and Bogdan Ionescu and Cédric Penet and Vu Lam Quang and Markus Schedl and Yu-gang Jiang},
	title = {The MediaEval 2013 Affect Task: Violent Scenes Detection},
	booktitle = {In MediaEval 2013 Workshop},
	year = {},
	pages = {18--19}
}
@inproceedings{lam2012nii,
	title={NII, Japan at MediaEval 2012 Violent Scenes Detection Affect Task.},
	author={Lam, Vu and Le, Duy-Dinh and Le, Sang-Phan and Shin'ichi Satoh and Duong, Duc Anh},
	booktitle={MediaEval},
	year={2012},
	organization={Citeseer}
}